<record><leader>00000cas a2200000 a 4500</leader><controlfield tag="001">50208962</controlfield><controlfield tag="008">020722c20029999mnuwr ne      0   a0eng c</controlfield><datafield ind1=" " ind2=" " tag="010"><subfield code="a">sn2005061016</subfield></datafield><datafield ind1=" " ind2=" " tag="040"><subfield code="a">MHS</subfield><subfield code="b">eng</subfield><subfield code="c">MHS</subfield><subfield code="d">OCLCQ</subfield><subfield code="d">CNK</subfield><subfield code="d">CUS</subfield><subfield code="d">OCLCQ</subfield><subfield code="d">OCLCF</subfield></datafield><datafield ind1="1" ind2=" " tag="029"><subfield code="a">AU@</subfield><subfield code="b">000028577890</subfield></datafield><datafield ind1=" " ind2=" " tag="042"><subfield code="a">pcc</subfield></datafield><datafield ind1=" " ind2=" " tag="043"><subfield code="a">n-us-mn</subfield></datafield><datafield ind1="1" ind2="4" tag="050"><subfield code="a">Newspaper</subfield></datafield><datafield ind1=" " ind2=" " tag="052"><subfield code="a">4143</subfield><subfield code="b">C2</subfield></datafield><datafield ind1=" " ind2=" " tag="052"><subfield code="a">4144</subfield><subfield code="b">C6</subfield></datafield><datafield ind1="0" ind2="4" tag="245"><subfield code="a">The pine journal.</subfield></datafield><datafield ind1=" " ind2=" " tag="260"><subfield code="a">Cloquet, MN :</subfield><subfield code="b">Cloquet Newspapers,</subfield><subfield code="c">2002-</subfield></datafield><datafield ind1=" " ind2=" " tag="300"><subfield code="a">v.</subfield></datafield><datafield ind1=" " ind2=" " tag="310"><subfield code="a">Weekly</subfield></datafield><datafield ind1="0" ind2=" " tag="362"><subfield code="a">Vol. 119, no. 26 (June 26, 2002)-</subfield></datafield><datafield ind1=" " ind2=" " tag="500"><subfield code="a">At head of title: Carlton County's Newspaper.</subfield></datafield><datafield ind1=" " ind2=" " tag="530"><subfield code="a">Available on microfilm from the Minnesota Historical Society.</subfield></datafield><datafield ind1=" " ind2="0" tag="651"><subfield code="a">Carlton County (Minn.)</subfield><subfield code="v">Newspapers.</subfield></datafield><datafield ind1=" " ind2="0" tag="651"><subfield code="a">Cloquet (Minn.)</subfield><subfield code="v">Newspapers.</subfield></datafield><datafield ind1=" " ind2="7" tag="655"><subfield code="a">Newspapers.</subfield><subfield code="2">fast</subfield><subfield code="0">(OCoLC)fst01423814</subfield></datafield><datafield ind1=" " ind2="7" tag="651"><subfield code="a">Minnesota</subfield><subfield code="z">Carlton County.</subfield><subfield code="2">fast</subfield><subfield code="0">(OCoLC)fst01214893</subfield></datafield><datafield ind1=" " ind2="7" tag="651"><subfield code="a">Minnesota</subfield><subfield code="z">Cloquet.</subfield><subfield code="2">fast</subfield><subfield code="0">(OCoLC)fst01230475</subfield></datafield><datafield ind1=" " ind2=" " tag="752"><subfield code="a">United States</subfield><subfield code="b">Minnesota</subfield><subfield code="c">Carlton County</subfield><subfield code="d">Cloquet.</subfield></datafield><datafield ind1="0" ind2="8" tag="776"><subfield code="t">Pine journal (Online)</subfield><subfield code="w">(DLC)sn2005061016</subfield><subfield code="w">(OCoLC)233144875</subfield></datafield><datafield ind1="0" ind2="4" tag="780"><subfield code="t">Pine knot (Cloquet, Minn. : 1986)</subfield><subfield code="w">(OCoLC)14286769</subfield></datafield><datafield ind1="0" ind2="4" tag="780"><subfield code="t">Cloquet Minnesota journal</subfield><subfield code="w">(OCoLC)30954160</subfield></datafield></record>